@article{jocher2yolo,
  title={Yolo by ultralytics, January 2023},
  author={Jocher, Glenn and Chaurasia, Ayush and Qiu, Jing},
  journal={URL https://github. com/ultralytics/ultralytics},
  volume={2}
}
@inproceedings{liu2016ssd,
  title={Ssd: Single shot multibox detector},
  author={Liu, Wei and Anguelov, Dragomir and Erhan, Dumitru and Szegedy, Christian and Reed, Scott and Fu, Cheng-Yang and Berg, Alexander C},
  booktitle={Computer Vision--ECCV 2016: 14th European Conference, Amsterdam, The Netherlands, October 11--14, 2016, Proceedings, Part I 14},
  pages={21--37},
  year={2016},
  organization={Springer}
}
@article{ren2015faster,
  title={Faster r-cnn: Towards real-time object detection with region proposal networks},
  author={Ren, Shaoqing and He, Kaiming and Girshick, Ross and Sun, Jian},
  journal={Advances in neural information processing systems},
  volume={28},
  year={2015}
}
@article{zhang2023stall,
  title={Stall number detection of cow teats key frames},
  author={Zhang, Youshan},
  journal={arXiv preprint arXiv:2303.10444},
  year={2023}
}
@inproceedings{redmon2016you,
  title={You only look once: Unified, real-time object detection},
  author={Redmon, Joseph and Divvala, Santosh and Girshick, Ross and Farhadi, Ali},
  booktitle={Proceedings of the IEEE conference on computer vision and pattern recognition},
  pages={779--788},
  year={2016}
}
@inproceedings{wilber2013animal,
  title={Animal recognition in the mojave desert: Vision tools for field biologists},
  author={Wilber, Michael J and Scheirer, Walter J and Leitner, Phil and Heflin, Brian and Zott, James and Reinke, Daniel and Delaney, David K and Boult, Terrance E},
  booktitle={2013 IEEE Workshop on Applications of Computer Vision (WACV)},
  pages={206--213},
  year={2013},
  organization={IEEE}
}
@article{archana2017artificial,
  title={Artificial Neural Network Based Image Processing for Wild Animal Detection and Monitoring},
  author={Archana, H and Poornima, K and Raksha, V and Shwetha, HR and Supreeth, HSG},
  journal={International Journal of Advanced Research in Computer Science and Software Engineering},
  year={2017}
}
@inproceedings{gourisaria2022performance,
  title={Performance enhancement of animal species classification using deep learning},
  author={Gourisaria, Mahendra Kumar and Singh, Utkrisht and Singh, Vinayak and Sharma, Ashish},
  booktitle={International Conference on Computing, Communication and Learning},
  pages={208--219},
  year={2022},
  organization={Springer}
}
@article{simonyan2014very,
  title={Very deep convolutional networks for large-scale image recognition},
  author={Simonyan, Karen and Zisserman, Andrew},
  journal={arXiv preprint arXiv:1409.1556},
  year={2014}
}
@inproceedings{tan2019efficientnet,
  title={Efficientnet: Rethinking model scaling for convolutional neural networks},
  author={Tan, Mingxing and Le, Quoc},
  booktitle={International conference on machine learning},
  pages={6105--6114},
  year={2019},
  organization={PMLR}
}
@inproceedings{he2016deep,
  title={Deep residual learning for image recognition},
  author={He, Kaiming and Zhang, Xiangyu and Ren, Shaoqing and Sun, Jian},
  booktitle={Proceedings of the IEEE conference on computer vision and pattern recognition},
  pages={770--778},
  year={2016}
}
@inproceedings{mamat2022animal,
  title={Animal Intrusion Detection in Farming Area using YOLOv5 Approach},
  author={Mamat, Normaisharah and Othman, Mohd Fauzi and Yakub, Fitri},
  booktitle={2022 22nd International Conference on Control, Automation and Systems (ICCAS)},
  pages={1--5},
  year={2022},
  organization={IEEE}
}
@inproceedings{schneider2018deep,
  title={Deep learning object detection methods for ecological camera trap data},
  author={Schneider, Stefan and Taylor, Graham W and Kremer, Stefan},
  booktitle={2018 15th Conference on computer and robot vision (CRV)},
  pages={321--328},
  year={2018},
  organization={IEEE}
}
@inproceedings{saxena2021animal,
  title={An animal detection and collision avoidance system using deep learning},
  author={Saxena, Atri and Gupta, Deepak Kumar and Singh, Samayveer},
  booktitle={Advances in Communication and Computational Technology: Select Proceedings of ICACCT 2019},
  pages={1069--1084},
  year={2021},
  organization={Springer}
}
@inproceedings{zhu2017towards,
  title={Towards automatic wild animal detection in low quality camera-trap images using two-channeled perceiving residual pyramid networks},
  author={Zhu, Chunbiao and Li, Thomas H and Li, Ge},
  booktitle={Proceedings of the IEEE International Conference on Computer Vision Workshops},
  pages={2860--2864},
  year={2017}
}
@article{dave2023wild,
  title={Wild Animal Detection using YOLOv8},
  author={Dave, Brahm and Mori, Meet and Bathani, Anurag and Goel, Parth},
  journal={Procedia Computer Science},
  volume={230},
  pages={100--111},
  year={2023},
  publisher={Elsevier}
}